% http://www.bibtex.org/Using/
% https://en.wikibooks.org/wiki/LaTeX/Bibliography_Management#Standard_templates

@article{ test1,
	author = "Name",
	journal = "document title",
	title = "Titlename",
	year = "2015"	
	}